This file was created with JabRef 2.2b.
Encoding: ISO8859_1

@MISC{mcontroller-protocol,
  author = {Franco Fiocchi and Marco Morsiani and Giuseppe Maccaferri and Andrea Orlati},
  title = {{Protocollo di Comunicazione per Schede a Microcontrollore}},
  note = {{Rapporto interno IRA 358/04}},
  pdf = {./bibliography/ProtocolloCNR_ver20.pdf}
}

@MISC{alisrt,
  author = {Sandro Cattani and Andrea Maccaferri},
  title = {{Descrizione della scheda ALISRT (SRT LNA Bias Board)}},
  pdf = {./bibliography/descrizioneALISRT.pdf}
}

@MISC{dewar-controls,
  author = {Sandro Cattani and Andrea Maccaferri},
  title = {{Recivers Dewar Controls}},
  pdf = {./bibliography/IoDewarCtrl_7.pdf}
}

@MISC{lna-controls,
  author = {Sandro Cattani and Andrea Maccaferri},
  title = {{Reciver 22 GHz Multifeed LNAs Controls}},
  pdf = {./bibliography/IoLnasCtrl_1.pdf}
}
